<record><leader>00000cas a2200000 a 4500</leader><controlfield tag="001">179260382</controlfield><controlfield tag="006">m     o  d        </controlfield><controlfield tag="007">cr |n|||||||||</controlfield><controlfield tag="008">070227d18751876gaudn nso     0   a0eng c</controlfield><datafield ind1=" " ind2=" " tag="010"><subfield code="a">  2007233871</subfield></datafield><datafield ind1=" " ind2=" " tag="040"><subfield code="a">PUL</subfield><subfield code="b">eng</subfield><subfield code="c">PUL</subfield><subfield code="d">GUA</subfield><subfield code="d">OCLCQ</subfield><subfield code="d">OCLCF</subfield><subfield code="d">OCLCO</subfield><subfield code="d">OCLCQ</subfield><subfield code="d">DLC</subfield><subfield code="d">HUL</subfield></datafield><datafield ind1=" " ind2=" " tag="012"><subfield code="l">1</subfield></datafield><datafield ind1="0" ind2=" " tag="022"><subfield code="a">2473-1560</subfield><subfield code="l">2473-1560</subfield><subfield code="2">1</subfield></datafield><datafield ind1=" " ind2=" " tag="042"><subfield code="a">pcc</subfield><subfield code="a">nsdp</subfield></datafield><datafield ind1=" " ind2=" " tag="043"><subfield code="a">n-us-ga</subfield></datafield><datafield ind1="1" ind2="0" tag="050"><subfield code="a">ISSN RECORD</subfield></datafield><datafield ind1=" " ind2="4" tag="050"><subfield code="a">AN13.A82</subfield></datafield><datafield ind1="1" ind2="0" tag="082"><subfield code="a">071</subfield><subfield code="2">23</subfield></datafield><datafield ind1="0" ind2=" " tag="130"><subfield code="a">Constitution (Atlanta, Ga. : 1875 : Online)</subfield></datafield><datafield ind1=" " ind2="4" tag="222"><subfield code="a">The constitution</subfield><subfield code="b">(Atlanta, Ga. : 1875 : Online)</subfield></datafield><datafield ind1="1" ind2="4" tag="245"><subfield code="a">The constitution.</subfield></datafield><datafield ind1="1" ind2="3" tag="246"><subfield code="a">Daily constitution</subfield></datafield><datafield ind1=" " ind2=" " tag="260"><subfield code="a">Atlanta, Ga. :</subfield><subfield code="b">W.A. Hemphill &amp; Co.,</subfield><subfield code="c">[1875-1876]</subfield></datafield><datafield ind1=" " ind2=" " tag="310"><subfield code="a">Daily (except Monday)</subfield></datafield><datafield ind1=" " ind2=" " tag="336"><subfield code="a">text</subfield><subfield code="b">txt</subfield><subfield code="2">rdacontent</subfield></datafield><datafield ind1=" " ind2=" " tag="337"><subfield code="a">computer</subfield><subfield code="b">c</subfield><subfield code="2">rdamedia</subfield></datafield><datafield ind1=" " ind2=" " tag="338"><subfield code="a">online resource</subfield><subfield code="b">cr</subfield><subfield code="2">rdacarrier</subfield></datafield><datafield ind1="0" ind2=" " tag="362"><subfield code="a">Vol. 8, no. 69 (Sept. 4, 1875)-v. 9, no. 106 (Oct. 19, 1876).</subfield></datafield><datafield ind1=" " ind2=" " tag="500"><subfield code="a">Title from pdf image of caption (Proquest Historical Newspapers, viewed Dec. 7, 2007).</subfield></datafield><datafield ind1=" " ind2=" " tag="538"><subfield code="a">Mode of access: World Wide Web.</subfield></datafield><datafield ind1=" " ind2="0" tag="651"><subfield code="a">Atlanta (Ga.)</subfield><subfield code="v">Newspapers.</subfield></datafield><datafield ind1=" " ind2="0" tag="651"><subfield code="a">Fulton County (Ga.)</subfield><subfield code="v">Newspapers.</subfield></datafield><datafield ind1=" " ind2="7" tag="651"><subfield code="a">Georgia</subfield><subfield code="z">Atlanta.</subfield><subfield code="2">fast</subfield><subfield code="0">(OCoLC)fst01204627</subfield></datafield><datafield ind1=" " ind2="7" tag="651"><subfield code="a">Georgia</subfield><subfield code="z">Fulton County.</subfield><subfield code="2">fast</subfield><subfield code="0">(OCoLC)fst01211153</subfield></datafield><datafield ind1=" " ind2="7" tag="655"><subfield code="a">Newspapers.</subfield><subfield code="2">fast</subfield><subfield code="0">(OCoLC)fst01423814</subfield></datafield><datafield ind1=" " ind2=" " tag="752"><subfield code="a">United States</subfield><subfield code="b">Georgia</subfield><subfield code="c">Fulton</subfield><subfield code="d">Atlanta.</subfield></datafield><datafield ind1="0" ind2="8" tag="776"><subfield code="i">Print version:</subfield><subfield code="t">Constitution (Atlanta, Ga. : 1875)</subfield><subfield code="x">2473-1552</subfield><subfield code="w">(DLC)sn 83016860</subfield><subfield code="w">(OCoLC)10177687</subfield></datafield><datafield ind1="0" ind2="0" tag="780"><subfield code="t">Atlanta daily constitution (Online)</subfield><subfield code="x">2473-1544</subfield><subfield code="w">(DLC)  2007233862</subfield><subfield code="w">(OCoLC)179260391</subfield></datafield><datafield ind1="0" ind2="0" tag="785"><subfield code="t">Daily constitution (Atlanta, Ga. : Online)</subfield><subfield code="x">2473-1595</subfield><subfield code="w">(DLC)  2007233881</subfield><subfield code="w">(OCoLC)179260386</subfield></datafield><datafield ind1="4" ind2="0" tag="856"><subfield code="u">http://proquest.umi.com/login?COPT=REJTPTNiZDQmU01EPTQmSU5UPTAmVkVSPTI=&amp;clientId=17210</subfield></datafield></record>